@article{10.2140/camcos.2012.7.105,
author = {Matthew Emmett and Michael Minion},
title = {{Toward an efficient parallel in time method for partial differential equations}},
volume = {7},
journal = {Communications in Applied Mathematics and Computational Science},
number = {1},
publisher = {MSP},
pages = {105 -- 132},
keywords = {deferred corrections, ordinary differential equations, parallel computing, Parareal, partial differential equations, time parallel},
year = {2012},
}

